@INPROCEEDINGS{dvc,
AUTHOR = "W. Emeneker and D. Jackson and K. Butikofer and D. Stanzione",
TITLE="Dynamic Virtual Clustering with Xen and Moab.",
BOOKTITLE="Frontiers of High Performance Computing and Networking -- ISPA 2006 Workshops", 
PUBLISHER="Springer-Verlag LNCS 4331", 
YEAR=2006
}

@INPROCEEDINGS{workspaces,
AUTHOR = "K. Keahey and K. Doering and I. Foster",
TITLE="From Sandbox to Playground: Dynamic Virtual Environments in the Grid.",
BOOKTITLE="5th International Workshop in Grid Computing (Grid 2004)",
YEAR=2004   
}

@ARTICLE{invigo,
AUTHOR = "S. Adabala and V. Chadha and P. Chawla and R. Figueiredo and J. Fortes
and I. Krsul and A.
Matsunaga and M. Tsugawa and J. Zhang and M. Zhao and L. Zhu and X. Zhu",
TITLE="From virtualized resources to virtual computing Grids: The In-VIGO system",
JOURNAL="Future Generation Computer Systems",
VOLUME=21,
YEAR=2005
}

@INPROCEEDINGS{xen,
AUTHOR = "P. Barham and B. Dragovic and K. Fraser and S.  Hand and T. Harris and A.
Ho and R. Neugebar and I. Pratt and A.  Warfield",
TITLE=" Xen and the Art of Virtualization.",
BOOKTITLE="ACM Symposium on Operating Systems Principles (SOSP)",
YEAR=2003
}

@MISC{vserver,
AUTHOR = "Stephen Soltesz and Herbert Potzl and Marc E. Fiuczynski and Andy Bavier and Larry
Peterson",
TITLE="Container-based Operating System Virtualization: A Scalable, High-performance Alternative to Hypervisors",
HOWPUBLISHED="\url{http://wireless.cs.uh.edu/presentation/2006/07/Container.pdf}",
MONTH="April",
YEAR=2007
}

@MISC{chep07, 
AUTHOR = "Sergey Chechelnitskiy",
TITLE="Running CE and SE in a Xen-virtualized environment",
HOWPUBLISHED="Presented on CHEP 2007 conference."
}

@MISC{vee, 
AUTHOR = "Ji\v{r}\'\i{} Denemark and Miroslav Ruda",
TITLE="Magrathea: Enabling New Applications Using Cluster Virtualization",
HOWPUBLISHED="Submited to conference Virtual Execution Environments",
YEAR=2008
}

@ARTICLE{ganglia,
AUTHOR = "Matthew L. Massie and Brent N. Chun and David E. Culler",
TITLE="The ganglia distributed monitoring system: design, implementation, and
experience.",
JOURNAL="Parallel Computing",
VOLUME=30,
ISSUE=7,
YEAR=2004,
PAGES="817-840"
}

@INPROCEEDINGS{karlsruhe,
AUTHOR = "V. Buge and Y. Kemp and M. Kunze and O. Oberst and G. Quast",
TITLE="Virtualizing a Batch Queuing System at a University Grid Center",
BOOKTITLE="Frontiers of High Performance Computing and Networking -- ISPA 2006
Workshops", 
PUBLISHER="Springer-Verlag LNCS 4331",
YEAR=2006
}

@ARTICLE{vmms,
AUTHOR = "Mendel Rosenblum and Tal Garfinkel",
TITLE="Virtual Machine Monitors: Current Technology and Future Trends",
JOURNAL="Computer", 
VOLUME="38(5):3947", 
YEAR=2005
}
